<record><leader>00000cas a22000007a 4500</leader><controlfield tag="001">27701158</controlfield><controlfield tag="008">930310d18861892ncuwr ne      0    0eng d</controlfield><datafield ind1=" " ind2=" " tag="010"><subfield code="a">sn 93064757 </subfield></datafield><datafield ind1=" " ind2=" " tag="040"><subfield code="a">NVJ</subfield><subfield code="b">eng</subfield><subfield code="c">NVJ</subfield><subfield code="d">OCLCQ</subfield></datafield><datafield ind1=" " ind2=" " tag="042"><subfield code="a">msc</subfield></datafield><datafield ind1="0" ind2="0" tag="245"><subfield code="a">Statesville Christian advocate.</subfield></datafield><datafield ind1=" " ind2=" " tag="260"><subfield code="a">Statesville, N.C. :</subfield><subfield code="b">Rev. James Willson</subfield></datafield><datafield ind1=" " ind2=" " tag="300"><subfield code="a">v.</subfield></datafield><datafield ind1=" " ind2=" " tag="310"><subfield code="a">Weekly</subfield></datafield><datafield ind1="1" ind2=" " tag="362"><subfield code="a">Began in 1886; ceased in 1892.</subfield></datafield><datafield ind1=" " ind2=" " tag="588"><subfield code="a">Description based on: Vol. 1, no. 5 (Feb. 3, 1886).</subfield></datafield><datafield ind1=" " ind2=" " tag="752"><subfield code="a">United States</subfield><subfield code="b">North Carolina</subfield><subfield code="c">Iredell</subfield><subfield code="d">Statesville.</subfield></datafield><datafield ind1="0" ind2="7" tag="785"><subfield code="t">Western North Carolina Methodist</subfield><subfield code="w">(DLC)sn 98058981</subfield></datafield><datafield ind1="0" ind2="7" tag="785"><subfield code="t">Western Carolina advocate</subfield><subfield code="w">(DLC)sn 98058982</subfield></datafield></record>